
@book{devroye1996probabilistic,
	title = {A {Probabilistic} {Theory} of {Pattern} {Recognition}},
	publisher = {Springer New York, NY},
	author = {Devroye, Luc and Gy√∂rfi, Laszlo and Lugosi, Gabor},
	year = {1996},
	doi = {10.1007/978-1-4612-0711-5},
}

@misc{rigollet2015ml,
	title = {18.657 {Mathematics} for {Machine} {Learning}},
	copyright = {License: Creative commons BY-NC-SA},
	url = {https://ocw.mit.edu/courses/18-657-mathematics-of-machine-learning-fall-2015/pages/lecture-notes/},
	urldate = {2023-10-25},
	journal = {MIT OpenCourseWare: Massachusetts Institute of Technology},
	author = {Rigollet, Philippe},
	year = {2015},
}

@book{hastie2017learning,
	edition = {2},
	series = {Springer {Series} in {Statistics}},
	title = {The {Elements} of {Statistical} {Learning}: {Data} {Mining}, {Inference}, and {Prediction}},
	shorttitle = {The {Elements} of {Statistical} {Learning}},
	publisher = {Springer New York, NY},
	author = {Hastie, Trevor and Tibshirani, Robert and Friedman, Jerome H.},
	year = {2017},
	doi = {10.1007/b94608},
}
